0000023081167905        PCH0000339RIZIV INVALIDITEITS-      PCHQBEBB   00000000000 00000                                       2
12045BE11679000033948                  EUR0000000014203990220811RIZIV INVALIDITEITS-      PR                                 162
210001000053/8230392274 010CII30000000000061970230811001500000263/DI FRANCO SALVATORE/19351128-087-79              23081104501 0
2300010000062385434004 EUR0BE                  DI FRANCO SALVATORE                                                           0 1
310001000153/8230392274 010CII3001500001001DI FRANCO SALVATORE                                                               1 0
3200010001RUE DU RIVAGE           40         7321HARCHIES                                                                    0 0
8045BE11679000033948                  EUR0000000014265960230811                                                                0
9               000006000000000000000000000000061970                                                                           1
0000023081167905        PCHZ070830RIZIV ONTVANGSTEN         PCHQBEBB   00000000000 00000                                       2
12153BE56679001977988                  EUR0000000096418950220811RIZIV ONTVANGSTEN         PR                                 162
210001000053/8230392346 010CII30000000000100000230811001500000E-0451-01                                            23081115301 0
2300010000063031538068 EUR0BE                  BERNARD - FREYMANN                                                            0 1
310001000153/8230392346 010CII3001500001001BERNARD - FREYMANN                                                                1 0
3200010001RUE RASSON              41         1030SCHAERBEEK                                                                  0 0
210002000053/8230316630 010CII300000000005000002308110015000004151-HQ-E/07039000-159                               23081115301 0
2300020000310164877252 EUR0BE                  M STEPHAN GHION                                                               0 1
310002000153/8230316630 010CII3001500001001M STEPHAN GHION                                                                   1 0
3200020001RUE DES COMBATTANTS 33             1421OPHAIN-BOIS-SE                                                              0 0
8153BE56679001977988                  EUR0000000097018950230811                                                                0
9               000010000000000000000000000000600000                                                                           1
0000023081167905        PCHZ070830RIZIV ONTVANGSTEN         PCHQBEBB   00000000000 00000                                       2
12162BE84679026215359                  EUR0000000809821460220811INAMI                     CCP                                162
210001000053/8230303038 040CII30000000000593610230811001540000JAARLIJKS ACCREDITERINGSFORFAIT 08-2011 - 07-2012    23081116201 0
2200010000 (109914-84-410)                                                                                                   1 0
2300010000428613154110 EUR0BE                  TOM VAUTERIN                                                                  0 1
310001000153/8230303038 040CII3001540001001TOM VAUTERIN                                                                      1 0
3200010001BRIEVERSWEG  135                   8310BRUGGE                                                                      0 1
310001000253/8230303038 040CII3001540000MOTIF DE REFUS :      COMPTE BENEFICIAIRE CLOTURE                                    0 0
210002000060/0382659377 530DII31000000063429000230811001010000VOORSCHOT KINDERBIJSLAG AUGUSTUS 2011                23081116201 0
2200020000                                                     201108231114015297ISABEL           GEBABEBBXXX                1 0
2300020000BE02001212251840                     RKW - ONAFTS                                                                  0 1
310002000160/0382659377 530DII3001010001001RKW - ONAFTS                                                                      1 0
3200020001RUE DE TREVES 70                   1000 BRUXELLES 1                   BE                                           0 0
8162BE84679026215359                  EUR0000000746986070230811                                                                0
9               000013000000063429000000000000593610                                                                           1
0000023081167905        PCHZ070830RIZIV ONTVANGSTEN         PCHQBEBB   00000000000 00000                                       2
12126BE43679111889601                  EUR0000000158915610190811R I Z I V V M R           PR                                 162
210001000053/8230326456 010CII30000000001325980230811001500000CBFA 2387 BA - 09/2011                               23081112601 0
2300010000310180276509 EUR0BE                  AIOI NISSAY DOWA INSURANCE                                                    0 1
310001000153/8230326456 010CII3001500001001AIOI NISSAY DOWA INSURANCE                                                        1 0
3200010001BOURGETLAAN 60                     1140BRUSSEL                                                                     0 0
210002000053/8230326457 010CII30000000002255420230811001500000CBFA 2387 CASCO 09/2011                              23081112601 0
2300020000310180276509 EUR0BE                  AIOI NISSAY DOWA INSURANCE                                                    0 1
310002000153/8230326457 010CII3001500001001AIOI NISSAY DOWA INSURANCE                                                        1 0
3200020001BOURGETLAAN 60                     1140BRUSSEL                                                                     0 0
8126BE43679111889601                  EUR0000000162497010230811                                                                0
9               000010000000000000000000000003581400                                                                           2
0000022081167905        PCH0000339RIZIV INVALIDITEITS-      PCHQBEBB   00000000000 00000                                       2
12044BE11679000033948                  EUR0000000014761850190811RIZIV INVALIDITEITS-      PR                                 161
210001000065/8220099334 100DII31000000000557860220811001070000                                                     22081104401 0
2200010000                                                     MW1608201101                                                  0 0
8044BE11679000033948                  EUR0000000014203990220811                                                                0
9               000004000000000557860000000000000000                                                                           1
0000022081167905        PCHZ070830RIZIV ONTVANGSTEN         PCHQBEBB   00000000000 00000                                       2
12152BE56679001977988                  EUR0000000095918450190811RIZIV ONTVANGSTEN         PR                                 161
210001000053/0166570469 110CII30000000000500500220811001500000HT/10/0430/00                                        22081115201 0
2200010000                                                                                        GKCCBEBBXXX                1 0
2300010000BE72795569140516                     JENARD ERIC                                                                   0 1
310001000153/0166570469 110CII3001500001001JENARD ERIC                                                                       1 0
3200010001RUE DE MONS             25         6040  JUMET (CHARLEROI)            BE                                           0 0
8152BE56679001977988                  EUR0000000096418950220811                                                                0
9               000007000000000000000000000000500500                                                                           1
0000022081167905        PCHZ070830RIZIV ONTVANGSTEN         PCHQBEBB   00000000000 00000                                       2
12161BE84679026215359                  EUR0000000801582980190811INSTITUT NAT D'ASSURANCE  CCP                                161
210001000053/8220000521 010CII30000000000593610220811001500000RET.U/BET TGV 645-1135080 LEMMENS AREK IS GESALD.REF 22081116101 0
2200010000JAARLIJKS ACCREDITERINGSFORF.07-2011-06/2012 117924-                                                               1 0
2300010000645348000063 EUR0BE                  BANK J.VAN BREDA & CO                                                         0 1
310001000153/8220000521 010CII3001500001001BANK J.VAN BREDA & CO                                                             1 0
3200010001LEDEGANCKKAAI 7                    2000ANTWERPEN                                                                   0 0
210002000054/8220038873 010CII30000001000000000220811001500000/ROC/201108191025094309ISABEL TRANSFERT FONDSEN      22081116101 0
2300020000001212252547 EUR0BE                  INST. NAT. D'ASS. MALADIE                                                     0 1
310002000154/8220038873 010CII3001500001001INST. NAT. D'ASS. MALADIE                                                         1 0
3200020001INVALIDITE                                                                                                         0 1
310002000254/8220038873 010CII3001500000REF.    1108220289GG001                     MT103                                    0 1
310002000354/8220038873 010CII3001500000DE      BE22001212252547                                                             0 1
310002000454/8220038873 010CII3001500000        INST. NAT. D'ASS. MALADIE                                                    0 1
310002000554/8220038873 010CII3001500000        INVALIDITE                                                                   0 1
310002000654/8220038873 010CII3001500000POUR    INSTITUT NAT D'ASSURANCE                                                     0 1
310002000754/8220038873 010CII3001500000        AVENUE DE TERVUREN  211                                                      0 1
310002000854/8220038873 010CII3001500000        1150 BRUXELLES                                                               0 1
310002000954/8220038873 010CII3001500000COMM.   /ROC/201108191025094309ISABEL                                                0 1
310002001054/8220038873 010CII3001500000        TRANSFERT FONDSEN                                                            0 1
310002001154/8220038873 010CII3001500000MONTANT ORIGINAL :  1000000, 1                                                       0 1
310002001254/8220038873 010CII3001500000CODE FRAIS :        SHARED                                                           0 0
210003000065/8220099353 100DII31000000619668250220811001070000                                                     22081116101 0
2200030000                                                     5952                                                          0 0
210004000065/8220099420 100DII31000000002627670220811001070000                                                     22081116101 0
2200040000                                                     KI1108201101                                                  0 0
210005000065/8220099422 100DII31000000000750000220811001070000                                                     22081116101 0
2200050000                                                     5950                                                          0 0
210006000065/8220099424 100DII31000000002400000220811001070000                                                     22081116101 0
2200060000                                                     155560                                                        0 0
210007000065/8220099428 100DII31000000018211070220811001070000                                                     22081116101 0
2200070000                                                     5951                                                          0 0
210008000065/8220099507 100DII31000000348698140220811001070000                                                     22081116101 0
2200080000                                                     5949                                                          0 0
8161BE84679026215359                  EUR0000000809821460220811                                                                0
9               000034000000992355130000001000593610                                                                           1
0000022081167905        PCHZ070830RIZIV ONTVANGSTEN         PCHQBEBB   00000000000 00000                                       2
12000BE43679111889601                  EUR0000000158915610190811R I Z I V V M R           PR                                 161
9               000001000000000000000000000000000000                                                                           2
0000019081167905        PCH0000339RIZIV INVALIDITEITS-      PCHQBEBB   00000000000 00000                                       2
12043BE11679000033948                  EUR0000000172681810180811RIZIV INVALIDITEITS-      PR                                 160
210001000011/8190000021 100DII31000000003242260190811001390000UITGIFTE 0010080093 679-0000339-48 19/08/2011        19081104301 0
2200010000                                                     TAXCC                                                         1 0
2300010000679100002653 EUR0BE                  F&A-CCT/CM POSTPRODUCTEN                                                      0 1
310001000111/8190000021 100DII3001390001001F&A-CCT/CM POSTPRODUCTEN                                                          1 0
3200010001UITGIFTE CIRCULAIRE CHEQUE         1100BRUSSEL POSTCHEQUE                                                          0 0
210002000040/8194000540 600DII31000000020364400190811341010000COLLECTIEVE BETALINGEN NAAR HET BUITENLAND           19081104311 0
2200020000                                                      PM3110801                                                    0 0
210002000140/8194000540 600DII31000000020364400190811841011000DRAGER :                                             19081104300 0
210002000240/8194000540 600DII30000000000000000190811841370060COMMISSIE                                            19081104310 0
210003000065/8190000019 100DII31000000134313300190811001070000                                                     19081104301 0
2200030000                                                     0000080096                                                    0 0
8043BE11679000033948                  EUR0000000014761850190811                                                                0
9               000013000000157919960000000000000000                                                                           1
0000019081167905        PCHZ070830RIZIV ONTVANGSTEN         PCHQBEBB   00000000000 00000                                       2
12151BE56679001977988                  EUR0000000092295120180811RIZIV ONTVANGSTEN         PR                                 160
210001000053/8190097153 010CII30000000002623330190811001500000REF 10042100 TERUGBETALING                           19081115101 0
2300010000435452825180 EUR0BE                  UNIVERSITAIR ZIEKENHUIS GE                                                    0 1
310001000153/8190097153 010CII3001500001001UNIVERSITAIR ZIEKENHUIS GE                                                        1 0
3200010001DE PINTELAAN 185                   9000GENT                                                                        0 0
210002000053/0064536198 110CII30000000001000000190811001500000REFERENCE 10043500                                   19081115101 0
2200020000                                                                                        GEBABEBBXXX                1 0
2300020000BE09143064005957                     CABINET DEFRISE-BOUCHEZ SP                                                    0 1
310002000153/0064536198 110CII3001500001001CABINET DEFRISE-BOUCHEZ SP                                                        1 0
3200020001RUE SAINT-ANTOINE 110              7300     BOUSSU                    BE                                           0 0
8151BE56679001977988                  EUR0000000095918450190811                                                                0
9               000011000000000000000000000003623330                                                                           1
0000019081167905        PCHZ070830RIZIV ONTVANGSTEN         PCHQBEBB   00000000000 00000                                       2
12160BE84679026215359                  EUR0000000779194810180811INSTITUT NAT D'ASSURANCE  CCP                                160
210001000030/8190115596 010DII31000000001800000190811001010000TELE-CHARGEMENT FOLLS DU19/08/11 09:36               19081116001 0
2200010000MACHINE A AFFRANCHIRBAHF05TF1                                                                                      1 0
2300010000000345996168 EUR0BE                                                                                                0 0
210002000053/8190092993 010CII30000000002605330190811001500000REMBOURSEMENT FORFAIT ACCREDITATION                  19081116001 0
2200020000CAR NUM DE COMPTE ERRONE                                                                                           1 0
2300020000001213971669 EUR0BE                  ROLLUS MARIANE                                                                0 1
310002000153/8190092993 010CII3001500001001ROLLUS MARIANE                                                                    1 0
3200020001R.D. DEUX CHAPELLES 23             6230OBAIX                                                                       0 0
210003000053/8190032511 010CII30000000002605330190811001500000TERUGBETALING J.ACCR 2010 371122-97-001              19081116001 0
2300030000285040554416 EUR0BE                  HEEREN-GEERAERT                                                               0 1
310003000153/8190032511 010CII3001500001001HEEREN-GEERAERT                                                                   1 0
3200030001GROTE WEG 38                       8930MENEN                                                                       0 0
210004000053/8190030601 040CII30000000000593610190811001540000FORFAIT ANNUEL ACCREDITATION 03-2011 - 02-2012       19081116001 0
2200040000 (167118-13-780)                                                                                                   1 0
2300040000001101867355 EUR0BE                  FLORENCE KEBERS                                                               0 1
310004000153/8190030601 040CII3001540001001FLORENCE KEBERS                                                                   1 0
3200040001RUE JEAN RIGA 2                    4000LIEGE                                                                       0 1
310004000253/8190030601 040CII3001540000MOTIF DE REFUS :      COMPTE BENEFICIAIRE CLOTURE                                    0 0
210005000053/8190030619 040CII30000000000593610190811001540000FORFAIT ANNUEL ACCREDITATION 04-2011 - 03-2012       19081116001 0
2200050000 (181032-67-930)                                                                                                   1 0
2300050000001200775629 EUR0BE                  HALINA NAGODA-NIKLEWICZ                                                       0 1
310005000153/8190030619 040CII3001540001001HALINA NAGODA-NIKLEWICZ                                                           1 0
3200050001RUE DE BECKERICH 27                6700GUIRSCH                                                                     0 1
310005000253/8190030619 040CII3001540000MOTIF DE REFUS :      COMPTE BENEFICIAIRE CLOTURE                                    0 0
210006000053/8190030639 040CII30000000000593610190811001540000JAARLIJKS ACCREDITERINGSFORFAIT 04-2011 - 03-2012    19081116001 0
2200060000 (119571-30-140)                                                                                                   1 0
2300060000001276544753 EUR0BE                  SYLVIE VAN DEN BROECK                                                         0 1
310006000153/8190030639 040CII3001540001001SYLVIE VAN DEN BROECK                                                             1 0
3200060001LANGE HOFSTRAAT  1                 2800MECHELEN                                                                    0 1
310006000253/8190030639 040CII3001540000MOTIF DE REFUS :      COMPTE BENEFICIAIRE CLOTURE                                    0 0
210007000053/8190030643 040CII30000000000593610190811001540000FORFAIT ANNUEL ACCREDITATION 04-2011 - 03-2012       19081116001 0
2200070000 (168093-08-100)                                                                                                   1 0
2300070000001291891971 EUR0BE                  FRANCOIS PITANCE                                                              0 1
310007000153/8190030643 040CII3001540001001FRANCOIS PITANCE                                                                  1 0
3200070001QUAI SAINT LEONARD 18 A 10         4000LIEGE                                                                       0 1
310007000253/8190030643 040CII3001540000MOTIF DE REFUS :      COMPTE BENEFICIAIRE CLOTURE                                    0 0
210008000053/8190030647 040CII30000000000593610190811001540000FORFAIT ANNUEL ACCREDITATION 08-2011 - 07-2012       19081116001 0
2200080000 (188362-12-004)                                                                                                   1 0
2300080000001326845519 EUR0BE                  PIERRE LAPY                                                                   0 1
310008000153/8190030647 040CII3001540001001PIERRE LAPY                                                                       1 0
3200080001CHSEE DE HAECHT 450                1030BRUXELLES                                                                   0 1
310008000253/8190030647 040CII3001540000MOTIF DE REFUS :      COMPTE BENEFICIAIRE CLOTURE                                    0 0
210009000053/8190030656 040CII30000000000593610190811001540000JAARLIJKS ACCREDITERINGSFORFAIT 07-2011 - 06-2012    19081116001 0
2200090000 (108266-83-410)                                                                                                   1 0
2300090000001355522355 EUR0BE                  HILDE HEULENS                                                                 0 1
310009000153/8190030656 040CII3001540001001HILDE HEULENS                                                                     1 0
3200090001HANSBRUGWEG 11                     3150HAACHT                                                                      0 1
310009000253/8190030656 040CII3001540000MOTIF DE REFUS :      COMPTE BENEFICIAIRE CLOTURE                                    0 0
210010000053/8190030703 040CII30000000000593610190811001540000FORFAIT ANNUEL ACCREDITATION 08-2011 - 07-2012       19081116001 0
2200100000 (189736-93-004)                                                                                                   1 0
2300100000001378036257 EUR0BE                  ANNE-ELISABE LEVERICH                                                         0 1
310010000153/8190030703 040CII3001540001001ANNE-ELISABE LEVERICH                                                             1 0
3200100001HENRI VIEUXTEMPS 28                1070BRUXELLES                                                                   0 1
310010000253/8190030703 040CII3001540000MOTIF DE REFUS :      COMPTE BENEFICIAIRE CLOTURE                                    0 0
210011000053/8190030768 040CII30000000000593610190811001540000FORFAIT ANNUEL ACCREDITATION 08-2011 - 07-2012       19081116001 0
2200110000 (166353-02-650)                                                                                                   1 0
2300110000001425198768 EUR0BE                  ANNE LAMPROYE                                                                 0 1
310011000153/8190030768 040CII3001540001001ANNE LAMPROYE                                                                     1 0
3200110001RUE HORS CHATEAU 77                4000LIEGE                                                                       0 1
310011000253/8190030768 040CII3001540000MOTIF DE REFUS :      COMPTE BENEFICIAIRE CLOTURE                                    0 0
210012000053/8190030909 040CII30000000000593610190811001540000FORFAIT ANNUEL ACCREDITATION 05-2011 - 04-2012       19081116001 0
2200120000 (158624-68-930)                                                                                                   1 0
2300120000001539591979 EUR0BE                  HELENE OPSOMER                                                                0 1
310012000153/8190030909 040CII3001540001001HELENE OPSOMER                                                                    1 0
3200120001AVENUE LOUIS JASMIN 61             1150BRUXELLES                                                                   0 1
310012000253/8190030909 040CII3001540000MOTIF DE REFUS :      COMPTE BENEFICIAIRE CLOTURE                                    0 0
210013000053/8190031021 040CII30000000000593610190811001540000FORFAIT ANNUEL ACCREDITATION 05-2011 - 04-2012       19081116001 0
2200130000 (161958-32-340)                                                                                                   1 0
2300130000001637235112 EUR0BE                  PAUL WERY                                                                     0 1
310013000153/8190031021 040CII3001540001001PAUL WERY                                                                         1 0
3200130001RUE DES ANGES 13                   4000LIEGE                                                                       0 1
310013000253/8190031021 040CII3001540000MOTIF DE REFUS :      COMPTE BENEFICIAIRE CLOTURE                                    0 0
210014000053/8190084988 040CII30000000000593610190811001540000FORFAIT ANNUEL ACCREDITATION 05-2011 - 04-2012       19081116001 0
2200140000 (166921-16-650)                                                                                                   1 0
2300140000063448553802 EUR0BE                  OLIVIER PLOMTEUX                                                              0 1
310014000153/8190084988 040CII3001540001001OLIVIER PLOMTEUX                                                                  1 0
3200140001CHEMIN DE BIERLIMANY 9             4920HARZE                                                                       0 1
310014000253/8190084988 040CII3001540000MOTIF DE REFUS :      COMPTE BENEFICIAIRE CLOTURE                                    0 0
210015000053/8190084985 040CII30000000000593610190811001540000FORFAIT ANNUEL ACCREDITATION 05-2011 - 04-2012       19081116001 0
2200150000 (189798-31-100)                                                                                                   1 0
2300150000063474311746 EUR0BE                  NATHALIE XHAET                                                                0 1
310015000153/8190084985 040CII3001540001001NATHALIE XHAET                                                                    1 0
3200150001RUE DU CULOT 12                    1402THINES                                                                      0 1
310015000253/8190084985 040CII3001540000MOTIF DE REFUS :      COMPTE BENEFICIAIRE CLOTURE                                    0 0
210016000053/8190084984 040CII30000000000593610190811001540000FORFAIT ANNUEL ACCREDITATION 07-2011 - 06-2012       19081116001 0
2200160000 (164094-30-620)                                                                                                   1 0
2300160000068226180078 EUR0BE                  RAOUL DEGIVES                                                                 0 1
310016000153/8190084984 040CII3001540001001RAOUL DEGIVES                                                                     1 0
3200160001RUE ALBERT THOMAS 67               4821ANDRIMONT                                                                   0 1
310016000253/8190084984 040CII3001540000MOTIF DE REFUS :      COMPTE BENEFICIAIRE CLOTURE                                    0 0
210017000053/8190084983 040CII30000000000593610190811001540000FORFAIT ANNUEL ACCREDITATION 07-2011 - 06-2012       19081116001 0
2200170000 (165396-86-699)                                                                                                   1 0
2300170000068240062596 EUR0BE                  MARIE MESSENS                                                                 0 1
310017000153/8190084983 040CII3001540001001MARIE MESSENS                                                                     1 0
3200170001RUE JACQUES MUSCH 16               4053EMBOURG                                                                     0 1
310017000253/8190084983 040CII3001540000MOTIF DE REFUS :      COMPTE BENEFICIAIRE CLOTURE                                    0 0
210018000053/8190084987 040CII30000000000593610190811001540000FORFAIT ANNUEL ACCREDITATION 07-2011 - 06-2012       19081116001 0
2200180000 (166883-54-930)                                                                                                   1 0
2300180000068249094916 EUR0BE                  JULIEN DJEKIC                                                                 0 1
310018000153/8190084987 040CII3001540001001JULIEN DJEKIC                                                                     1 0
3200180001RUE DES HEIDS 26                   4630AYENEUX                                                                     0 1
310018000253/8190084987 040CII3001540000MOTIF DE REFUS :      COMPTE BENEFICIAIRE CLOTURE                                    0 0
210019000053/8190084986 040CII30000000000593610190811001540000FORFAIT ANNUEL ACCREDITATION 05-2011 - 04-2012       19081116001 0
2200190000 (167294-31-620)                                                                                                   1 0
2300190000068889875906 EUR0BE                  STEPHANE KLEIS                                                                0 1
310019000153/8190084986 040CII3001540001001STEPHANE KLEIS                                                                    1 0
3200190001RUE DU PARC 29                     4800VERVIERS                                                                    0 1
310019000253/8190084986 040CII3001540000MOTIF DE REFUS :      COMPTE BENEFICIAIRE CLOTURE                                    0 0
210020000053/8190031050 040CII30000000000593610190811001540000FORFAIT ANNUEL ACCREDITATION 03-2011 - 02-2012       19081116001 0
2200200000 (188875-81-180)                                                                                                   1 0
2300200000210015574818 EUR0BE                  SANDRA DE BREUCKER                                                            0 1
310020000153/8190031050 040CII3001540001001SANDRA DE BREUCKER                                                                1 0
3200200001RUE VAN VOLXEM 18                  1440WAUTHIER-BRAINE                                                             0 1
310020000253/8190031050 040CII3001540000MOTIF DE REFUS :      COMPTE BENEFICIAIRE CLOTURE                                    0 0
210021000053/8190031180 040CII30000000000593610190811001540000FORFAIT ANNUEL ACCREDITATION 06-2011 - 05-2012       19081116001 0
2200210000 (128588-34-004)                                                                                                   1 0
2300210000210086925388 EUR0BE                  PIERRE CHAPELLE                                                               0 1
310021000153/8190031180 040CII3001540001001PIERRE CHAPELLE                                                                   1 0
3200210001CHEMIN DU RELAIS 6                 1325CORROY-LE-GRAND                                                             0 1
310021000253/8190031180 040CII3001540000MOTIF DE REFUS :      COMPTE BENEFICIAIRE CLOTURE                                    0 0
210022000053/8190031196 040CII30000000000593610190811001540000FORFAIT ANNUEL ACCREDITATION 06-2011 - 05-2012       19081116001 0
2200220000 (185824-28-930)                                                                                                   1 0
2300220000210091393957 EUR0BE                  JEAN-LUC ENGELHOLM                                                            0 1
310022000153/8190031196 040CII3001540001001JEAN-LUC ENGELHOLM                                                                1 0
3200220001AVENUE DE FLOREAL 39               1180BRUXELLES                                                                   0 1
310022000253/8190031196 040CII3001540000MOTIF DE REFUS :      COMPTE BENEFICIAIRE CLOTURE                                    0 0
210023000053/8190031288 040CII30000000000593610190811001540000JAARLIJKS ACCREDITERINGSFORFAIT 06-2011 - 05-2012    19081116001 0
2200230000 (117169-07-140)                                                                                                   1 0
2300230000220072230882 EUR0BE                  GUY HUBENS                                                                    0 1
310023000153/8190031288 040CII3001540001001GUY HUBENS                                                                        1 0
3200230001E. DE BOCKLAAN 18                  2900SCHOTEN                                                                     0 1
310023000253/8190031288 040CII3001540000MOTIF DE REFUS :      NUMERO DE COMPTE BENEFICIAIRE INEXISTANT                       0 0
210024000053/8190031643 040CII30000000000593610190811001540000FORFAIT ANNUEL ACCREDITATION 06-2011 - 05-2012       19081116001 0
2200240000 (191120-67-140)                                                                                                   1 0
2300240000250036309916 EUR0BE                  PHILIPPE VANREEPINGHEN                                                        0 1
310024000153/8190031643 040CII3001540001001PHILIPPE VANREEPINGHEN                                                            1 0
3200240001FONDS DES CHENES 203               5100WEPION                                                                      0 1
310024000253/8190031643 040CII3001540000MOTIF DE REFUS :      COMPTE BENEFICIAIRE CLOTURE                                    0 0
210025000053/8190091652 040CII30000000000593610190811001540000JAARLIJKS ACCREDITERINGSFORFAIT 03-2011 - 02-2012    19081116001 0
2200250000 (136565-11-580)                                                                                                   1 0
2300250000634001993929 EUR0BE                  MARIEKE MYLLE                                                                 0 1
310025000153/8190091652 040CII3001540001001MARIEKE MYLLE                                                                     1 0
3200250001AARSCHOTSESTEENWEG 674             3012WILSELE                                                                     0 1
310025000253/8190091652 040CII3001540000MOTIF DE REFUS :      INDEFINI                                                       0 0
210026000053/8190091653 040CII30000000000593610190811001540000JAARLIJKS ACCREDITERINGSFORFAIT 07-2011 - 06-2012    19081116001 0
2200260000 (132023-91-690)                                                                                                   1 0
2300260000647022468122 EUR0BE                  JEAN-PIERRE VAN BIERVLIET                                                     0 1
310026000153/8190091653 040CII3001540001001JEAN-PIERRE VAN BIERVLIET                                                         1 0
3200260001HEIDELAAN 7                        8200BRUGGE                                                                      0 1
310026000253/8190091653 040CII3001540000MOTIF DE REFUS :      COMPTE BENEFICIAIRE CLOTURE                                    0 0
210027000053/8190017442 040CII30000000000593610190811001540000FORFAIT ANNUEL ACCREDITATION 03-2011 - 02-2012       19081116001 0
2200270000 (188196-81-480)                                                                                                   1 0
2300270000652815466958 EUR0BE                  TITUS MEBARA                                                                  0 1
310027000153/8190017442 040CII3001540001001TITUS MEBARA                                                                      1 0
3200270001RUE TILLEUX 43                     5100JAMBES                                                                      0 1
310027000253/8190017442 040CII3001540000MOTIF DE REFUS :      COMPTE BENEFICIAIRE CLOTURE                                    0 0
210028000053/8190097478 040CII30000000000593610190811001540000JAARLIJKS ACCREDITERINGSFORFAIT 08-2011 - 07-2012    19081116001 0
2200280000 (119563-38-770)                                                                                                   1 0
2300280000751203878478 EUR0BE                  RISHI SHEORAJPANDAY                                                           0 1
310028000153/8190097478 040CII3001540001001RISHI SHEORAJPANDAY                                                               1 0
3200280001PRINS BOUDEWIJNLAAN  368           2650EDEGEM                                                                      0 1
310028000253/8190097478 040CII3001540000MOTIF DE REFUS :      COMPTE BENEFICIAIRE CLOTURE                                    0 0
210029000053/8190084989 040CII30000000000593610190811001540000JAARLIJKS ACCREDITERINGSFORFAIT 06-2011 - 05-2012    19081116001 0
2200290000 (118777-48-930)                                                                                                   1 0
2300290000775593646283 EUR0BE                  ANJA VAN DER STAPPEN                                                          0 1
310029000153/8190084989 040CII3001540001001ANJA VAN DER STAPPEN                                                              1 0
3200290001ANTON VAN DE VELDELAAN 25          2900SCHOTEN                                                                     0 1
310029000253/8190084989 040CII3001540000MOTIF DE REFUS :      COMPTE BENEFICIAIRE CLOTURE                                    0 0
210030000053/8190084982 040CII30000000000593610190811001540000JAARLIJKS ACCREDITERINGSFORFAIT 05-2011 - 04-2012    19081116001 0
2200300000 (146298-75-410)                                                                                                   1 0
2300300000780589199231 EUR0BE                  VERONIQUE VANHOORN                                                            0 1
310030000153/8190084982 040CII3001540001001VERONIQUE VANHOORN                                                                1 0
3200300001HOEVESTRAAT 33                     1755GOOIK                                                                       0 1
310030000253/8190084982 040CII3001540000MOTIF DE REFUS :      COMPTE BENEFICIAIRE CLOTURE                                    0 0
210031000053/8190091534 040CII30000000000593610190811001540000FORFAIT ANNUEL ACCREDITATION 06-2011 - 05-2012       19081116001 0
2200310000 (167907-97-410)                                                                                                   1 0
2300310000953062708344 EUR0BE                  SABRINA DELHALLE                                                              0 1
310031000153/8190091534 040CII3001540001001SABRINA DELHALLE                                                                  1 0
3200310001DOMAINE DE WAROUX 22               4340AWANS                                                                       0 1
310031000253/8190091534 040CII3001540000MOTIF DE REFUS :      COMPTE BENEFICIAIRE CLOTURE                                    0 0
210032000065/0102042547 510CII30000000002356430190811001500000512/YT/01677-CUYPERS BORD50063                       19081116001 0
2200320000                                                     46                                 PCHQBEBBXXX                1 0
2300320000BE44679200202845                     FOD FINANCIEN CDVU                                                            0 1
310032000165/0102042547 510CII3001500001001FOD FINANCIEN CDVU                                                                1 0
3200320001                                                                      BE                                           0 0
8160BE84679026215359                  EUR0000000801582980190811                                                                0
9               000187000000001800000000000024188170                                                                           1
0000019081167905        PCHZ070830RIZIV ONTVANGSTEN         PCHQBEBB   00000000000 00000                                       2
12125BE43679111889601                  EUR0000000153063640180811R I Z I V V M R           PR                                 160
210001000053/8190030750 010CII30000000001676540190811001500000BIJDRAGE VOERTUIGCASCO JULI 2011                     19081112501 0
2300010000001414544330 EUR0BE                  NV AGENION/CORE                                                               0 1
310001000153/8190030750 010CII3001500001001NV AGENION/CORE                                                                   1 0
3200010001JULES COCKXSTRAAT 8-10             1160BRUSSEL                                                                     0 0
210002000053/8190030751 010CII30000000004175430190811001500000BIJDRAGE B.A.MOTORRIJTUIGEN JULI 2011                19081112501 0
2300020000001414544330 EUR0BE                  NV AGENION/CORE                                                               0 1
310002000153/8190030751 010CII3001500001001NV AGENION/CORE                                                                   1 0
3200020001JULES COCKXSTRAAT 8-10             1160BRUSSEL                                                                     0 0
8125BE43679111889601                  EUR0000000158915610190811                                                                0
9               000010000000000000000000000005851970                                                                           2
